@article{NatureCoronavirusSeismic,
	abstract = {A reduction in seismic noise because of changes in human activity is a boon for geoscientists.},
	author = {Gibney, Elizabeth},
	doi = {10.1038/d41586-020-00965-x},
	issn = {1476-4687},
	journal = {Nature (online)},
	title = {{Coronavirus lockdowns have changed the way Earth moves}},
	url = {https://www.nature.com/articles/d41586-020-00965-x},
	year = {2020},
	month = {March}
}
@online{OtherSeismicEvents,
	author = "Royal Observatory of Belgium",
	title = "Other types of seismic events",
	url = "http://seismologie.be/en/seismology/other-types-of-seismic-events",
	addendum = "(accessed: 04.04.2020)",
	year = {2020},
	month = {April}
}
@online{RoyalDataPolicy,
	author = "Royal Observatory of Belgium",
	title = "Data policy",
	url = "http://seismologie.be/en/legal-notices/data-policy",
	addendum = "(accessed: 04.04.2020)",
	year = {2020},
	month = {April}
}
@online{DataVisualization20200402,
	author = "Royal Observatory of Belgium",
	title = "Uccle Station data visualization from 02-04-2020",
	url = "http://seismologie.be/en/seismology/seismograms/uccs/20200402",
	addendum = "(accessed: 04.04.2020)",
	year = {2020},
	month = {April}
}
@online{Data20200402,
	author = "Royal Observatory of Belgium",
	title = "Uccle Station data from 02-04-2020",
	url = "http://seismologie.be/data/csv/SEIS-2020-093-UCCS.csv",
	addendum = "(accessed: 04.04.2020)",
	year = {2020},
	month = {April}
}
@online{DataEvents20200402,
	author = "Royal Observatory of Belgium",
	title = "Uccle Station data events from 02-04-2020",
	url = "http://seismologie.be/data/csv/events_2020-04-02.json",
	addendum = "(accessed: 04.04.2020)",
	year = {2020},
	month = {April}
}
@online{Periodgram,
	author = "",
	title = "Detecting Seasonality Using Fourier Transform in R",
	url = "https://anomaly.io/detect-seasonality-using-fourier-transform-r/index.html",
	addendum = "(accessed: 30.05.2020)",
	year = {2015},
	month = {August}
}
@inbook{hyndman2018forecasting,
	title={Forecasting: principles and practice},
	chapter=2,
	author={Hyndman, Rob J and Athanasopoulos, George},
	year={2018},
	publisher={OTexts}
}
@book{brockwell1991time,
	title={Time series: theory and methods},
	author={Brockwell, Peter J and Davis, Richard A and Fienberg, Stephen E},
	year={1991},
	publisher={Springer Science \& Business Media}
}